@misc{humanpose,
      title={HPRNet: Hierarchical Point Regression for Whole-Body Human Pose Estimation}, 
      author={Nermin Samet and Emre Akbas},
      year={2021},
      eprint={2106.04269},
      archivePrefix={arXiv},
      primaryClass={cs.CV}
}

@article{sift,
  title={Distinctive Image Features from Scale-Invariant Keypoints},
  author={Lowe, David G},
  journal={International Journal of Computer Vision},
  volume={60},
  pages={91--110},
  year={2004},
  publisher={Springer},
  doi={10.1023/B:VISI.0000029664.99615.94}
}

@InProceedings{unet,
author="Ronneberger, Olaf
and Fischer, Philipp
and Brox, Thomas",
editor="Navab, Nassir
and Hornegger, Joachim
and Wells, William M.
and Frangi, Alejandro F.",
title="U-Net: Convolutional Networks for Biomedical Image Segmentation",
booktitle="Medical Image Computing and Computer-Assisted Intervention -- MICCAI 2015",
year="2015",
publisher="Springer International Publishing",
address="Cham",
pages="234--241",
abstract="There is large consent that successful training of deep networks requires many thousand annotated training samples. In this paper, we present a network and training strategy that relies on the strong use of data augmentation to use the available annotated samples more efficiently. The architecture consists of a contracting path to capture context and a symmetric expanding path that enables precise localization. We show that such a network can be trained end-to-end from very few images and outperforms the prior best method (a sliding-window convolutional network) on the ISBI challenge for segmentation of neuronal structures in electron microscopic stacks. Using the same network trained on transmitted light microscopy images (phase contrast and DIC) we won the ISBI cell tracking challenge 2015 in these categories by a large margin. Moreover, the network is fast. Segmentation of a 512x512 image takes less than a second on a recent GPU. The full implementation (based on Caffe) and the trained networks are available at http://lmb.informatik.uni-freiburg.de/people/ronneber/u-net.",
isbn="978-3-319-24574-4"
}

@misc{unet_success,
      title={Medical Image Segmentation Review: The success of U-Net}, 
      author={Reza Azad and Ehsan Khodapanah Aghdam and Amelie Rauland and Yiwei Jia and Atlas Haddadi Avval and Afshin Bozorgpour and Sanaz Karimijafarbigloo and Joseph Paul Cohen and Ehsan Adeli and Dorit Merhof},
      year={2022},
      eprint={2211.14830},
      archivePrefix={arXiv},
      primaryClass={eess.IV}
}

@misc{unetpp,
      title={UNet++: A Nested U-Net Architecture for Medical Image Segmentation}, 
      author={Zongwei Zhou and Md Mahfuzur Rahman Siddiquee and Nima Tajbakhsh and Jianming Liang},
      year={2018},
      eprint={1807.10165},
      archivePrefix={arXiv},
      primaryClass={cs.CV}
}

@misc{stablediffusion,
      title={High-Resolution Image Synthesis with Latent Diffusion Models}, 
      author={Robin Rombach and Andreas Blattmann and Dominik Lorenz and Patrick Esser and Björn Ommer},
      year={2022},
      eprint={2112.10752},
      archivePrefix={arXiv},
      primaryClass={cs.CV}
}

@misc{attentionunet,
      title={Attention U-Net: Learning Where to Look for the Pancreas}, 
      author={Ozan Oktay and Jo Schlemper and Loic Le Folgoc and Matthew Lee and Mattias Heinrich and Kazunari Misawa and Kensaku Mori and Steven McDonagh and Nils Y Hammerla and Bernhard Kainz and Ben Glocker and Daniel Rueckert},
      year={2018},
      eprint={1804.03999},
      archivePrefix={arXiv},
      primaryClass={cs.CV}
}


@misc{attention,
      title={Attention Is All You Need}, 
      author={Ashish Vaswani and Noam Shazeer and Niki Parmar and Jakob Uszkoreit and Llion Jones and Aidan N. Gomez and Lukasz Kaiser and Illia Polosukhin},
      year={2023},
      eprint={1706.03762},
      archivePrefix={arXiv},
      primaryClass={cs.CL}
}

@article{resuneta,
   title={ResUNet-a: A deep learning framework for semantic segmentation of remotely sensed data},
   volume={162},
   ISSN={0924-2716},
   url={http://dx.doi.org/10.1016/j.isprsjprs.2020.01.013},
   DOI={10.1016/j.isprsjprs.2020.01.013},
   journal={ISPRS Journal of Photogrammetry and Remote Sensing},
   publisher={Elsevier BV},
   author={Diakogiannis, Foivos I. and Waldner, François and Caccetta, Peter and Wu, Chen},
   year={2020},
   month=apr, pages={94–114} }

@misc{residualblocks,
      title={Deep Residual Learning for Image Recognition}, 
      author={Kaiming He and Xiangyu Zhang and Shaoqing Ren and Jian Sun},
      year={2015},
      eprint={1512.03385},
      archivePrefix={arXiv},
      primaryClass={cs.CV}
}

@misc{psp,
      title={Pyramid Scene Parsing Network}, 
      author={Hengshuang Zhao and Jianping Shi and Xiaojuan Qi and Xiaogang Wang and Jiaya Jia},
      year={2017},
      eprint={1612.01105},
      archivePrefix={arXiv},
      primaryClass={cs.CV}
}

@misc{yoloplane,
      title={Real-Time Flying Object Detection with YOLOv8}, 
      author={Dillon Reis and Jordan Kupec and Jacqueline Hong and Ahmad Daoudi},
      year={2023},
      eprint={2305.09972},
      archivePrefix={arXiv},
      primaryClass={cs.CV}
}

@misc{darknet,
  author =   {Joseph Redmon},
  title =    {Darknet: Open Source Neural Networks in C},
  howpublished = {\url{http://pjreddie.com/darknet/}},
  year = {2013--2016}
}

@InProceedings{surf,
author="Bay, Herbert
and Tuytelaars, Tinne
and Van Gool, Luc",
editor="Leonardis, Ale{\v{s}}
and Bischof, Horst
and Pinz, Axel",
title="SURF: Speeded Up Robust Features",
booktitle="Computer Vision -- ECCV 2006",
year="2006",
publisher="Springer Berlin Heidelberg",
address="Berlin, Heidelberg",
pages="404--417",
abstract="In this paper, we present a novel scale- and rotation-invariant interest point detector and descriptor, coined SURF (Speeded Up Robust Features). It approximates or even outperforms previously proposed schemes with respect to repeatability, distinctiveness, and robustness, yet can be computed and compared much faster.",
isbn="978-3-540-33833-8"
}

@inproceedings{orb,
author = {Rublee, Ethan and Rabaud, Vincent and Konolige, Kurt and Bradski, Gary},
year = {2011},
month = {11},
pages = {2564-2571},
title = {ORB: an efficient alternative to SIFT or SURF},
journal = {Proceedings of the IEEE International Conference on Computer Vision},
doi = {10.1109/ICCV.2011.6126544}
}

@misc{dinov2,
      title={DINOv2: Learning Robust Visual Features without Supervision}, 
      author={Maxime Oquab and Timothée Darcet and Théo Moutakanni and Huy Vo and Marc Szafraniec and Vasil Khalidov and Pierre Fernandez and Daniel Haziza and Francisco Massa and Alaaeldin El-Nouby and Mahmoud Assran and Nicolas Ballas and Wojciech Galuba and Russell Howes and Po-Yao Huang and Shang-Wen Li and Ishan Misra and Michael Rabbat and Vasu Sharma and Gabriel Synnaeve and Hu Xu and Hervé Jegou and Julien Mairal and Patrick Labatut and Armand Joulin and Piotr Bojanowski},
      year={2024},
      eprint={2304.07193},
      archivePrefix={arXiv},
      primaryClass={cs.CV}
}

@misc{vit,
      title={An Image is Worth 16x16 Words: Transformers for Image Recognition at Scale}, 
      author={Alexey Dosovitskiy and Lucas Beyer and Alexander Kolesnikov and Dirk Weissenborn and Xiaohua Zhai and Thomas Unterthiner and Mostafa Dehghani and Matthias Minderer and Georg Heigold and Sylvain Gelly and Jakob Uszkoreit and Neil Houlsby},
      year={2021},
      eprint={2010.11929},
      archivePrefix={arXiv},
      primaryClass={cs.CV}
}

@misc{dinov2.metademolab.com,
    title={DINOv2: A Self-supervised Vision Transformer Model},
    publisher={Meta AI},
    year={2023},
    note = {Čerpáno: Únor 2024},
    howpublished = {\url{https://dinov2.metademolab.com/}},
}

@article{dyingrelu,
   title={Dying ReLU and Initialization: Theory and Numerical Examples},
   volume={28},
   ISSN={1991-7120},
   url={http://dx.doi.org/10.4208/cicp.OA-2020-0165},
   DOI={10.4208/cicp.oa-2020-0165},
   number={5},
   journal={Communications in Computational Physics},
   publisher={Global Science Press},
   author={Lu, Lu},
   year={2020},
   month=jun, pages={1671–1706} }


@misc{unetnormalization,
      title={Normalization in Training U-Net for 2D Biomedical Semantic Segmentation}, 
      author={Xiao-Yun Zhou and Guang-Zhong Yang},
      year={2019},
      eprint={1809.03783},
      archivePrefix={arXiv},
      primaryClass={cs.CV}
}

@misc{stn,
      title={Spatial Transformer Networks}, 
      author={Max Jaderberg and Karen Simonyan and Andrew Zisserman and Koray Kavukcuoglu},
      year={2016},
      eprint={1506.02025},
      archivePrefix={arXiv},
      primaryClass={cs.CV}
}

@misc{tensorrt_docs,
    title={NVIDIA Deep Learning TensorRT Documentation},
    publisher={NVIDIA Corporation \& affiliates},
    year={2023},
    note = {Čerpáno: Únor 2024},
    howpublished = {\url{https://docs.nvidia.com/deeplearning/tensorrt/}},
}

@misc{stn_medium_1,
    title={Spatial Transformer Networks Tutorial, Part 1 — Forward and Reverse Mapping},
    author={Thomas Kurbiel},
    publisher={Towards Data Science},
    year={2021},
    note = {Čerpáno: Únor 2024},
    howpublished = {\url{https://towardsdatascience.com/spatial-transformer-tutorial-part-1-forward-and-reverse-mapping-8d3f66375bf5}},
}

@misc{stn_medium_3,
    title={Spatial Transformer Networks, A Self-Contained Introduction},
    author={Thomas Kurbiel},
    publisher={Towards Data Science},
    year={2021},
    note = {Čerpáno: Únor 2024},
    howpublished = {\url{https://towardsdatascience.com/spatial-transformer-networks-b743c0d112be}},
}

@misc{tensorflow_libs,
    title={TensorFlow libraries \& extensions},
    year={2023},
    note = {Čerpáno: Prosinec 2023},
    howpublished = {\url{https://www.tensorflow.org/resources/libraries-extensions
}},
}

@misc{tensorflow_install,
    title={Install TensorFlow 2},
    year={2023},
    note = {Čerpáno: Říjen 2023},
    howpublished = {\url{https://www.tensorflow.org/install}},
}

@misc{tensorflow_doc,
    title={TensorFlow guide},
    year={2023},
    note = {Čerpáno: Říjen 2023},
    howpublished = {\url{https://www.tensorflow.org/guide}},
}

@misc{unetpp_github,
  author =   {Zongwei Zhou and Shivam Bajpai and Md Mahfuzur Rahman Siddiquee},
  title =    {UNet++: A Nested U-Net Architecture for Medical Image Segmentation},
  howpublished = {\url{https://github.com/MrGiovanni/UNetPlusPlus}},
  year = {2023}
}

@misc{relu_henormal,
    author={Jason Brownlee},
    title={Weight Initialization for Deep Learning Neural Networks},
    howpublished={\url{https://machinelearningmastery.com/weight-initialization-for-deep-learning-neural-networks/}},
    year={2021}
}

@misc{unet_registration,
      title={U-Net vs Transformer: Is U-Net Outdated in Medical Image Registration?}, 
      author={Xi Jia and Joseph Bartlett and Tianyang Zhang and Wenqi Lu and Zhaowen Qiu and Jinming Duan},
      year={2022},
      eprint={2208.04939},
      archivePrefix={arXiv},
      primaryClass={eess.IV}
}

@misc{unet_comparison,
      title={Enforcing temporal consistency in Deep Learning segmentation of brain MR images}, 
      author={Malav Bateriwala and Pierrick Bourgeat},
      year={2019},
      eprint={1906.07160},
      archivePrefix={arXiv},
      primaryClass={cs.LG}
}

@article{yolo_comparison,
   title={A Comprehensive Review of YOLO Architectures in Computer Vision: From YOLOv1 to YOLOv8 and YOLO-NAS},
   volume={5},
   ISSN={2504-4990},
   url={http://dx.doi.org/10.3390/make5040083},
   DOI={10.3390/make5040083},
   number={4},
   journal={Machine Learning and Knowledge Extraction},
   publisher={MDPI AG},
   author={Terven, Juan and Córdova-Esparza, Diana-Margarita and Romero-González, Julio-Alejandro},
   year={2023},
   month=nov, pages={1680–1716} }


@misc{jupyter_sparse_matching,
  author =   { Salih Marangoz },
  title =    {DINOv2 Matching Example},
  howpublished = {\url{https://github.com/salihmarangoz/dinov2/blob/main/notebooks/matching_example/dinov2_matching.ipynb}},
  note = {Čerpáno: Březen 2024},
}
